<collection xmlns="http://www.loc.gov/MARC21/slim">
<record>
  <leader>01587nam0a22003131i 450 </leader>
  <controlfield tag="001">IT\ICCU\CNCE\030939</controlfield>
  <controlfield tag="005">20150415000000.0</controlfield>
  <datafield tag="012" ind1=" " ind2=" ">
    <subfield code="a">hiid 7.o- isun ciha (3) 1594 (A)</subfield>
    <subfield code="2">fei</subfield>
  </datafield>
  <datafield tag="100" ind1=" " ind2=" ">
    <subfield code="a">19971201d1594        0itac0103    ba</subfield>
  </datafield>
  <datafield tag="101" ind1=" " ind2=" ">
    <subfield code="a">LAT</subfield>
  </datafield>
  <datafield tag="102" ind1=" " ind2=" ">
    <subfield code="a">IT</subfield>
  </datafield>
  <datafield tag="200" ind1="1" ind2=" ">
    <subfield code="a">Compendium totius medicinae auctore Petro Paulo Simoneta ... Cum indice locupletissimo</subfield>
  </datafield>
  <datafield tag="210" ind1=" " ind2=" ">
    <subfield code="a">Venetiis</subfield>
    <subfield code="c">apud Robertum Meiettum</subfield>
    <subfield code="d">1594</subfield>
  </datafield>
  <datafield tag="215" ind1=" " ind2=" ">
    <subfield code="a">\16!, 491, \21! p.</subfield>
    <subfield code="d">8ʻ</subfield>
  </datafield>
  <datafield tag="620" ind1=" " ind2=" ">
    <subfield code="a">IT</subfield>
    <subfield code="d">Venezia</subfield>
  </datafield>
  <datafield tag="700" ind1=" " ind2="1">
    <subfield code="a">Simonetta,</subfield>
    <subfield code="b">Pietro Paolo</subfield>
    <subfield code="3">IT\ICCU\CNCA\009169</subfield>
  </datafield>
  <datafield tag="712" ind1="0" ind2="0">
    <subfield code="a">Meietti, Roberto</subfield>
    <subfield code="3">IT\ICCU\CNCT\000625</subfield>
    <subfield code="4">650</subfield>
  </datafield>
  <datafield tag="790" ind1=" " ind2="1">
    <subfield code="a">Simoneta,</subfield>
    <subfield code="b">Petrus Paulus</subfield>
    <subfield code="3">IT\ICCU\CNCA\024997</subfield>
    <subfield code="z">Simonetta, Pietro Paolo</subfield>
  </datafield>
  <datafield tag="791" ind1="0" ind2="0">
    <subfield code="a">Megietti, Roberto</subfield>
    <subfield code="3">IT\ICCU\CNCT\003997</subfield>
    <subfield code="z">Meietti, Roberto</subfield>
  </datafield>
  <datafield tag="791" ind1="0" ind2="0">
    <subfield code="a">Meiettus, Rubertus</subfield>
    <subfield code="3">IT\ICCU\CNCT\005153</subfield>
    <subfield code="z">Meietti, Roberto</subfield>
  </datafield>
  <datafield tag="791" ind1="0" ind2="0">
    <subfield code="a">Meietus, Robertus</subfield>
    <subfield code="3">IT\ICCU\CNCT\005154</subfield>
    <subfield code="z">Meietti, Roberto</subfield>
  </datafield>
  <datafield tag="801" ind1=" " ind2="3">
    <subfield code="a">IT</subfield>
    <subfield code="b">ICCU</subfield>
    <subfield code="c">20201114</subfield>
  </datafield>
  <datafield tag="899" ind1=" " ind2=" ">
    <subfield code="a">Biblioteca nazionale Braidense. Milano</subfield>
    <subfield code="1">MI0185</subfield>
    <subfield code="2">MIL NB</subfield>
  </datafield>
  <datafield tag="899" ind1=" " ind2=" ">
    <subfield code="a">Biblioteca universitaria. Padova</subfield>
    <subfield code="1">PD0158</subfield>
    <subfield code="2">PUV 00</subfield>
  </datafield>
  <datafield tag="899" ind1=" " ind2=" ">
    <subfield code="a">Biblioteca universitaria. Pisa</subfield>
    <subfield code="1">PI0112</subfield>
    <subfield code="2">PIS R1</subfield>
  </datafield>
  <datafield tag="899" ind1=" " ind2=" ">
    <subfield code="a">Biblioteca Roncioniana - Fondazione Eredit ̉Marco Roncioni (ONLUS). Prato</subfield>
    <subfield code="1">PO0005</subfield>
    <subfield code="2">RT1 EB</subfield>
  </datafield>
  <datafield tag="899" ind1=" " ind2=" ">
    <subfield code="a">Biblioteca nazionale centrale. Roma</subfield>
    <subfield code="1">RM0267</subfield>
    <subfield code="2">BVE CR</subfield>
  </datafield>
  <datafield tag="911" ind1=" " ind2=" ">
    <subfield code="a">Sul front.</subfield>
    <subfield code="9">IT\ICCU\CNCM\000986</subfield>
  </datafield>
  <datafield tag="921" ind1=" " ind2=" ">
    <subfield code="a">IT\ICCU\CNCM\000986</subfield>
    <subfield code="b">Due galli, uno dei quali becca chicchi di miglio; al centro la pianta con le pannocchie. In cornice figurata.</subfield>
    <subfield code="e">Non comedetis fruges mendacii.</subfield>
    <subfield code="c">U67</subfield>
    <subfield code="d">Dimensioni: 5 x 7</subfield>
    <subfield code="f">NONCOMEDET</subfield>
    <subfield code="f">GALLO</subfield>
    <subfield code="f">PANNOCCHIA</subfield>
    <subfield code="g">1590-1600</subfield>
  </datafield>
</record>
</collection>
